
@inproceedings{hunt2010zookeeper,
  title={ZooKeeper: Wait-free Coordination for Internet-scale Systems.},
  author={Hunt, Patrick and Konar, Mahadev and Junqueira, Flavio Paiva and Reed, Benjamin},
  booktitle={USENIX Annual Technical Conference},
  volume={8},
  pages={9},
  year={2010}
}


@inproceedings{junqueira2009life,
  title={The life and times of a zookeeper},
  author={Junqueira, Flavio P and Reed, Benjamin C},
  booktitle={Proceedings of the 28th ACM symposium on Principles of distributed computing},
  pages={4--4},
  year={2009},
  organization={ACM}
}



@InProceedings{ronstrom2005recovery,
  Title                    = {{Recovery Principles of MySQL Cluster 5.1}},
  Author                   = {Ronstr{\"o}m, Mikael and Oreland, Jonas},
  Booktitle                = {Proc. of VLDB'05},
  Year                     = {2005},
  Pages                    = {1108--1115},
  Publisher                = {VLDB Endowment}
}


@InProceedings{shvachko2010Hdfs,
  Title                    = {The Hadoop Distributed File System},
  Author                   = {Shvachko, K. and Hairong Kuang and Radia, S. and Chansler, R.},
  Booktitle                = {Mass Storage Systems and Technologies, 2010},
  Year                     = {2010},
  Month                    = {May},
  Pages                    = {1-10},

  Doi                      = {10.1109/MSST.2010.5496972},
  Keywords                 = {Internet;distributed databases;network operating systems;Hadoop distributed file system;Yahoo!;data storage;data stream;enterprise data;Bandwidth;Clustering algorithms;Computer architecture;Concurrent computing;Distributed computing;Facebook;File servers;File systems;Protection;Protocols;HDFS;Hadoop;distributed file system}
}

@article{shvachko2010HDFSlimitations,
  Title                    = {{HDFS Scalability: The limits to growth}},
  Author                   = {Shvachko, Konstantin V},
  Journal                  = {login},
  Year                     = {2010},
  Number                   = {2},
  Pages                    = {6--16},
  Volume                   = {35}
}


@article{omega,
 author = {Chandra, Tushar Deepak and Hadzilacos, Vassos and Toueg, Sam},
 title = {The Weakest Failure Detector for Solving Consensus},
 journal = {J. ACM},
 issue_date = {July 1996},
 volume = {43},
 number = {4},
 month = jul,
 year = {1996},
 issn = {0004-5411},
 pages = {685--722},
 numpages = {38},
 url = {http://doi.acm.org/10.1145/234533.234549},
 doi = {10.1145/234533.234549},
 acmid = {234549},
 publisher = {ACM},
 address = {New York, NY, USA},
 keywords = {Byzantine Generals' problem, agreement problem, asynchronous systems, atomic broadcast, commit problem, consensus problem, crash failures, failure detection, fault-tolerance, message passing, partial synchrony, processor failures},
} 


@incollection{hops_consistency,
year={2014},
isbn={978-3-662-43351-5},
booktitle={Distributed Applications and Interoperable Systems},
series={Lecture Notes in Computer Science},
editor={Magoutis, Kostas and Pietzuch, Peter},
doi={10.1007/978-3-662-43352-2_4},
title={Scaling HDFS with a Strongly Consistent Relational Model for Metadata},
url={http://dx.doi.org/10.1007/978-3-662-43352-2_4},
publisher={Springer Berlin Heidelberg},
author={Hakimzadeh, Kamal and Peiro Sajjad, Hooman and Dowling, Jim},
pages={38-51},
language={English}
}


@misc{mysqlReplication,
title = {MySQL 5.0 Reference Manual :: 16 Replication {@ONLINE}},
month = jan,
year = {2015},
howpublished={\url{http://dev.mysql.com/doc/refman/5.0/en/replication.html}}
}

